<?xml version="1.0" encoding="UTF-8"?>
<OAI-PMH xmlns="http://www.openarchives.org/OAI/2.0/" xmlns:xsi="http://www.w3.org/2001/XMLSchema-instance" xsi:schemaLocation="http://www.openarchives.org/OAI/2.0/ http://www.openarchives.org/OAI/2.0/OAI-PMH.xsd">
  <ListRecords>
    <record>
      <header>
        <identifier>aleph-publish:000950178</identifier>
      </header>
      <metadata>
        <record xmlns="http://www.ddb.de/professionell/mabxml/mabxml-1.xsd">
          <leader>00861nM2.01200024------h</leader>
          <controlfield tag="LDR">00861nM2.01200024------h</controlfield>
          <controlfield tag="FMT">MH</controlfield>
          <datafield tag="001" ind1="-" ind2="1">
            <subfield code="a">HT014728989</subfield>
          </datafield>
          <datafield tag="002" ind1="b" ind2="1">
            <subfield code="a">20060515</subfield>
          </datafield>
          <datafield tag="003" ind1="-" ind2="1">
            <subfield code="a">20150212</subfield>
          </datafield>
          <datafield tag="020" ind1="a" ind2="1">
            <subfield code="a">979323029</subfield>
            <subfield code="b">292</subfield>
          </datafield>
          <datafield tag="026" ind1="-" ind2="1">
            <subfield code="a">HBZHT014728989</subfield>
          </datafield>
          <controlfield tag="030">a|1da||z|||17</controlfield>
          <datafield tag="036" ind1="a" ind2="1">
            <subfield code="a">XA-DE-BY</subfield>
          </datafield>
          <datafield tag="037" ind1="b" ind2="1">
            <subfield code="a">ger</subfield>
          </datafield>
          <controlfield tag="050">a|b|||||||||||</controlfield>
          <controlfield tag="051">sy||z|||</controlfield>
          <datafield tag="070" ind1="-" ind2="1">
            <subfield code="a">6</subfield>
          </datafield>
          <datafield tag="070" ind1="a" ind2="1">
            <subfield code="a">292</subfield>
          </datafield>
          <datafield tag="070" ind1="b" ind2="1">
            <subfield code="a">107</subfield>
          </datafield>
          <datafield tag="080" ind1="-" ind2="1">
            <subfield code="a">60</subfield>
          </datafield>
          <datafield tag="100" ind1="-" ind2="1">
            <subfield code="p">Zellhuber, Andreas</subfield>
            <subfield code="d">1974-</subfield>
            <subfield code="9">(DE-588)124134548</subfield>
          </datafield>
          <datafield tag="331" ind1="-" ind2="1">
            <subfield code="a">"Unsere Verwaltung treibt einer Katastrophe zu ..."</subfield>
          </datafield>
          <datafield tag="335" ind1="-" ind2="1">
            <subfield code="a">das Reichsministerium für die besetzten Ostgebiete und die deutsche Besatzungsherrschaft in der Sowjetunion 1941 - 1945</subfield>
          </datafield>
          <datafield tag="359" ind1="-" ind2="1">
            <subfield code="a">Andreas Zellhuber</subfield>
          </datafield>
          <datafield tag="410" ind1="-" ind2="1">
            <subfield code="a">München</subfield>
          </datafield>
          <datafield tag="412" ind1="-" ind2="1">
            <subfield code="a">Vögel</subfield>
          </datafield>
          <datafield tag="425" ind1="a" ind2="1">
            <subfield code="a">2006</subfield>
          </datafield>
          <datafield tag="433" ind1="-" ind2="1">
            <subfield code="a">IX, 414 S. : Ill., graph. Darst., Kt.</subfield>
          </datafield>
          <datafield tag="435" ind1="-" ind2="1">
            <subfield code="a">24 cm</subfield>
          </datafield>
          <datafield tag="451" ind1="-" ind2="1">
            <subfield code="a">Schriften der Philosophischen Fakultäten der Universität Augsburg ; 71 : Historisch-sozialwissenschaftliche Reihe</subfield>
          </datafield>
          <datafield tag="453" ind1="-" ind2="1">
            <subfield code="a">HT001232125</subfield>
          </datafield>
          <datafield tag="455" ind1="-" ind2="1">
            <subfield code="a">71 : Historisch-sozialwissenschaftliche Reihe</subfield>
          </datafield>
          <datafield tag="456" ind1="-" ind2="1">
            <subfield code="a">71</subfield>
          </datafield>
          <datafield tag="519" ind1="-" ind2="1">
            <subfield code="p">Zugl.</subfield>
            <subfield code="a">Augsburg, Univ., Diss., 2005</subfield>
          </datafield>
          <datafield tag="540" ind1="a" ind2="1">
            <subfield code="a">3-89650-213-1</subfield>
            <subfield code="b">kart. : EUR 36.00</subfield>
          </datafield>
          <datafield tag="673" ind1="c" ind2="1">
            <subfield code="a">Augsburg</subfield>
            <subfield code="9">2028044-0</subfield>
          </datafield>
          <datafield tag="700" ind1="l" ind2="1">
            <subfield code="a">600</subfield>
          </datafield>
          <datafield tag="902" ind1="-" ind2="1">
            <subfield code="k">Deutsches Reich</subfield>
            <subfield code="b">Reichsminister für die Besetzten Ostgebiete</subfield>
            <subfield code="9">(DE-588)18492-5</subfield>
          </datafield>
          <datafield tag="902" ind1="-" ind2="1">
            <subfield code="g">Sowjetunion</subfield>
            <subfield code="9">(DE-588)4077548-3</subfield>
          </datafield>
          <datafield tag="902" ind1="-" ind2="1">
            <subfield code="s">Besetzung</subfield>
            <subfield code="9">(DE-588)4006020-2</subfield>
          </datafield>
          <datafield tag="902" ind1="-" ind2="1">
            <subfield code="z">Geschichte 1941-1945</subfield>
          </datafield>
          <datafield tag="903" ind1="-" ind2="1">
            <subfield code="a">2314</subfield>
            <subfield code="a">3214</subfield>
          </datafield>
          <controlfield tag="SYS">000950178</controlfield>
          <datafield tag="553" ind1="a" ind2="1">
            <subfield code="a">9783896502131</subfield>
          </datafield>
          <datafield tag="PSW" ind1="-" ind2="1">
            <subfield code="k">RMfdbO</subfield>
            <subfield code="9">(DE-588)18492-5</subfield>
          </datafield>
          <datafield tag="PSW" ind1="-" ind2="1">
            <subfield code="k">Deutschland</subfield>
            <subfield code="b">Reichsminister für die Besetzten Ostgebiete</subfield>
            <subfield code="9">(DE-588)18492-5</subfield>
          </datafield>
          <datafield tag="PSW" ind1="-" ind2="1">
            <subfield code="k">Deutschland</subfield>
            <subfield code="b">RMfdbO</subfield>
            <subfield code="9">(DE-588)18492-5</subfield>
          </datafield>
          <datafield tag="PSW" ind1="-" ind2="1">
            <subfield code="k">Deutschland</subfield>
            <subfield code="b">Reichsministerium für die Besetzten Ostgebiete</subfield>
            <subfield code="9">(DE-588)18492-5</subfield>
          </datafield>
          <datafield tag="PSW" ind1="-" ind2="1">
            <subfield code="k">Reichsminister für die Besetzten Ostgebiete</subfield>
            <subfield code="h">Deutsches Reich</subfield>
            <subfield code="9">(DE-588)18492-5</subfield>
          </datafield>
          <datafield tag="PSW" ind1="-" ind2="1">
            <subfield code="k">Deutsches Reich</subfield>
            <subfield code="b">Reichsministerium für die Besetzten Ostgebiete</subfield>
            <subfield code="9">(DE-588)18492-5</subfield>
          </datafield>
          <datafield tag="PSW" ind1="-" ind2="1">
            <subfield code="k">Reichsministerium für die Besetzten Ostgebiete</subfield>
            <subfield code="h">Deutsches Reich</subfield>
            <subfield code="9">(DE-588)18492-5</subfield>
          </datafield>
          <datafield tag="PSW" ind1="-" ind2="1">
            <subfield code="k">Deutsches Reich</subfield>
            <subfield code="b">Reichsminister für die Besetzten Ostgebiete</subfield>
            <subfield code="b">Hauptabteilung</subfield>
            <subfield code="n">1</subfield>
            <subfield code="9">(DE-588)18492-5</subfield>
          </datafield>
          <datafield tag="PSW" ind1="-" ind2="1">
            <subfield code="k">Deutsches Reich</subfield>
            <subfield code="b">Ministry for the Occupied Eastern Territories</subfield>
            <subfield code="9">(DE-588)18492-5</subfield>
          </datafield>
          <datafield tag="PSW" ind1="-" ind2="1">
            <subfield code="k">Ministry for the Occupied Eastern Territories</subfield>
            <subfield code="h">Deutsches Reich</subfield>
            <subfield code="9">(DE-588)18492-5</subfield>
          </datafield>
          <datafield tag="PSW" ind1="-" ind2="1">
            <subfield code="k">RMfdbO</subfield>
            <subfield code="9">(DE-588)18492-5</subfield>
          </datafield>
          <datafield tag="PSW" ind1="-" ind2="1">
            <subfield code="k">Deutschland</subfield>
            <subfield code="b">Reichsminister für die Besetzten Ostgebiete</subfield>
            <subfield code="9">(DE-588)18492-5</subfield>
          </datafield>
          <datafield tag="PSW" ind1="-" ind2="1">
            <subfield code="k">Deutschland</subfield>
            <subfield code="b">RMfdbO</subfield>
            <subfield code="9">(DE-588)18492-5</subfield>
          </datafield>
          <datafield tag="PSW" ind1="-" ind2="1">
            <subfield code="k">Deutschland</subfield>
            <subfield code="b">Reichsministerium für die Besetzten Ostgebiete</subfield>
            <subfield code="9">(DE-588)18492-5</subfield>
          </datafield>
          <datafield tag="PSW" ind1="-" ind2="1">
            <subfield code="k">Reichsminister für die Besetzten Ostgebiete</subfield>
            <subfield code="h">Deutsches Reich</subfield>
            <subfield code="9">(DE-588)18492-5</subfield>
          </datafield>
          <datafield tag="PSW" ind1="-" ind2="1">
            <subfield code="k">Deutsches Reich</subfield>
            <subfield code="b">Reichsministerium für die Besetzten Ostgebiete</subfield>
            <subfield code="9">(DE-588)18492-5</subfield>
          </datafield>
          <datafield tag="PSW" ind1="-" ind2="1">
            <subfield code="k">Reichsministerium für die Besetzten Ostgebiete</subfield>
            <subfield code="h">Deutsches Reich</subfield>
            <subfield code="9">(DE-588)18492-5</subfield>
          </datafield>
          <datafield tag="PSW" ind1="-" ind2="1">
            <subfield code="k">Deutsches Reich</subfield>
            <subfield code="b">Reichsminister für die Besetzten Ostgebiete</subfield>
            <subfield code="b">Hauptabteilung</subfield>
            <subfield code="n">1</subfield>
            <subfield code="9">(DE-588)18492-5</subfield>
          </datafield>
          <datafield tag="PSW" ind1="-" ind2="1">
            <subfield code="k">Deutsches Reich</subfield>
            <subfield code="b">Ministry for the Occupied Eastern Territories</subfield>
            <subfield code="9">(DE-588)18492-5</subfield>
          </datafield>
          <datafield tag="PSW" ind1="-" ind2="1">
            <subfield code="k">Ministry for the Occupied Eastern Territories</subfield>
            <subfield code="h">Deutsches Reich</subfield>
            <subfield code="9">(DE-588)18492-5</subfield>
          </datafield>
          <datafield tag="PSW" ind1="-" ind2="1">
            <subfield code="k">RMfdbO</subfield>
            <subfield code="9">(DE-588)18492-5</subfield>
          </datafield>
          <datafield tag="PSW" ind1="-" ind2="1">
            <subfield code="k">Deutschland</subfield>
            <subfield code="b">Reichsminister für die Besetzten Ostgebiete</subfield>
            <subfield code="9">(DE-588)18492-5</subfield>
          </datafield>
          <datafield tag="PSW" ind1="-" ind2="1">
            <subfield code="k">Deutschland</subfield>
            <subfield code="b">RMfdbO</subfield>
            <subfield code="9">(DE-588)18492-5</subfield>
          </datafield>
          <datafield tag="PSW" ind1="-" ind2="1">
            <subfield code="k">Deutschland</subfield>
            <subfield code="b">Reichsministerium für die Besetzten Ostgebiete</subfield>
            <subfield code="9">(DE-588)18492-5</subfield>
          </datafield>
          <datafield tag="PSW" ind1="-" ind2="1">
            <subfield code="k">Reichsminister für die Besetzten Ostgebiete</subfield>
            <subfield code="h">Deutsches Reich</subfield>
            <subfield code="9">(DE-588)18492-5</subfield>
          </datafield>
          <datafield tag="PSW" ind1="-" ind2="1">
            <subfield code="k">Deutsches Reich</subfield>
            <subfield code="b">Reichsministerium für die Besetzten Ostgebiete</subfield>
            <subfield code="9">(DE-588)18492-5</subfield>
          </datafield>
          <datafield tag="PSW" ind1="-" ind2="1">
            <subfield code="k">Reichsministerium für die Besetzten Ostgebiete</subfield>
            <subfield code="h">Deutsches Reich</subfield>
            <subfield code="9">(DE-588)18492-5</subfield>
          </datafield>
          <datafield tag="PSW" ind1="-" ind2="1">
            <subfield code="k">Deutsches Reich</subfield>
            <subfield code="b">Reichsminister für die Besetzten Ostgebiete</subfield>
            <subfield code="b">Hauptabteilung</subfield>
            <subfield code="n">1</subfield>
            <subfield code="9">(DE-588)18492-5</subfield>
          </datafield>
          <datafield tag="PSW" ind1="-" ind2="1">
            <subfield code="k">Deutsches Reich</subfield>
            <subfield code="b">Ministry for the Occupied Eastern Territories</subfield>
            <subfield code="9">(DE-588)18492-5</subfield>
          </datafield>
          <datafield tag="PSW" ind1="-" ind2="1">
            <subfield code="k">Ministry for the Occupied Eastern Territories</subfield>
            <subfield code="h">Deutsches Reich</subfield>
            <subfield code="9">(DE-588)18492-5</subfield>
          </datafield>
          <datafield tag="PSW" ind1="-" ind2="1">
            <subfield code="k">RMfdbO</subfield>
            <subfield code="9">(DE-588)18492-5</subfield>
          </datafield>
          <datafield tag="PSW" ind1="-" ind2="1">
            <subfield code="k">Deutschland</subfield>
            <subfield code="b">Reichsminister für die Besetzten Ostgebiete</subfield>
            <subfield code="9">(DE-588)18492-5</subfield>
          </datafield>
          <datafield tag="PSW" ind1="-" ind2="1">
            <subfield code="k">Deutschland</subfield>
            <subfield code="b">RMfdbO</subfield>
            <subfield code="9">(DE-588)18492-5</subfield>
          </datafield>
          <datafield tag="PSW" ind1="-" ind2="1">
            <subfield code="k">Deutschland</subfield>
            <subfield code="b">Reichsministerium für die Besetzten Ostgebiete</subfield>
            <subfield code="9">(DE-588)18492-5</subfield>
          </datafield>
          <datafield tag="PSW" ind1="-" ind2="1">
            <subfield code="k">Reichsminister für die Besetzten Ostgebiete</subfield>
            <subfield code="h">Deutsches Reich</subfield>
            <subfield code="9">(DE-588)18492-5</subfield>
          </datafield>
          <datafield tag="PSW" ind1="-" ind2="1">
            <subfield code="k">Deutsches Reich</subfield>
            <subfield code="b">Reichsministerium für die Besetzten Ostgebiete</subfield>
            <subfield code="9">(DE-588)18492-5</subfield>
          </datafield>
          <datafield tag="PSW" ind1="-" ind2="1">
            <subfield code="k">Reichsministerium für die Besetzten Ostgebiete</subfield>
            <subfield code="h">Deutsches Reich</subfield>
            <subfield code="9">(DE-588)18492-5</subfield>
          </datafield>
          <datafield tag="PSW" ind1="-" ind2="1">
            <subfield code="k">Deutsches Reich</subfield>
            <subfield code="b">Reichsminister für die Besetzten Ostgebiete</subfield>
            <subfield code="b">Hauptabteilung</subfield>
            <subfield code="n">1</subfield>
            <subfield code="9">(DE-588)18492-5</subfield>
          </datafield>
          <datafield tag="PSW" ind1="-" ind2="1">
            <subfield code="k">Deutsches Reich</subfield>
            <subfield code="b">Ministry for the Occupied Eastern Territories</subfield>
            <subfield code="9">(DE-588)18492-5</subfield>
          </datafield>
          <datafield tag="PSW" ind1="-" ind2="1">
            <subfield code="k">Ministry for the Occupied Eastern Territories</subfield>
            <subfield code="h">Deutsches Reich</subfield>
            <subfield code="9">(DE-588)18492-5</subfield>
          </datafield>
          <datafield tag="PSW" ind1="-" ind2="1">
            <subfield code="g">Sojuz Sovetskich Socialističeskich Respublik</subfield>
            <subfield code="9">(DE-588)4077548-3</subfield>
          </datafield>
          <datafield tag="PSW" ind1="-" ind2="1">
            <subfield code="g">Union der Sozialistischen Sowjet-Republiken</subfield>
            <subfield code="9">(DE-588)4077548-3</subfield>
          </datafield>
          <datafield tag="PSW" ind1="-" ind2="1">
            <subfield code="g">Union der SSR</subfield>
            <subfield code="9">(DE-588)4077548-3</subfield>
          </datafield>
          <datafield tag="PSW" ind1="-" ind2="1">
            <subfield code="g">Union of Soviet Socialist Republics</subfield>
            <subfield code="9">(DE-588)4077548-3</subfield>
          </datafield>
          <datafield tag="PSW" ind1="-" ind2="1">
            <subfield code="g">USSR</subfield>
            <subfield code="9">(DE-588)4077548-3</subfield>
          </datafield>
          <datafield tag="PSW" ind1="-" ind2="1">
            <subfield code="g">Union des Républiques Socialistes Soviétiques</subfield>
            <subfield code="9">(DE-588)4077548-3</subfield>
          </datafield>
          <datafield tag="PSW" ind1="-" ind2="1">
            <subfield code="g">URSS</subfield>
            <subfield code="9">(DE-588)4077548-3</subfield>
          </datafield>
          <datafield tag="PSW" ind1="-" ind2="1">
            <subfield code="g">Russland</subfield>
            <subfield code="h">1923-1991</subfield>
            <subfield code="9">(DE-588)4077548-3</subfield>
          </datafield>
          <datafield tag="PSW" ind1="-" ind2="1">
            <subfield code="g">Russia</subfield>
            <subfield code="h">1923-1991</subfield>
            <subfield code="9">(DE-588)4077548-3</subfield>
          </datafield>
          <datafield tag="PSW" ind1="-" ind2="1">
            <subfield code="g">Padomju Sociālistiko Republiku Savienība</subfield>
            <subfield code="9">(DE-588)4077548-3</subfield>
          </datafield>
          <datafield tag="PSW" ind1="-" ind2="1">
            <subfield code="g">PSRS</subfield>
            <subfield code="9">(DE-588)4077548-3</subfield>
          </datafield>
          <datafield tag="PSW" ind1="-" ind2="1">
            <subfield code="g">SSṘM</subfield>
            <subfield code="9">(DE-588)4077548-3</subfield>
          </datafield>
          <datafield tag="PSW" ind1="-" ind2="1">
            <subfield code="g">ZSSR</subfield>
            <subfield code="9">(DE-588)4077548-3</subfield>
          </datafield>
          <datafield tag="PSW" ind1="-" ind2="1">
            <subfield code="g">TSRS</subfield>
            <subfield code="9">(DE-588)4077548-3</subfield>
          </datafield>
          <datafield tag="PSW" ind1="-" ind2="1">
            <subfield code="g">Savez Sovjetskih Socijalističkih Republika</subfield>
            <subfield code="9">(DE-588)4077548-3</subfield>
          </datafield>
          <datafield tag="PSW" ind1="-" ind2="1">
            <subfield code="g">Soviet Union</subfield>
            <subfield code="9">(DE-588)4077548-3</subfield>
          </datafield>
          <datafield tag="PSW" ind1="-" ind2="1">
            <subfield code="g">SSHM</subfield>
            <subfield code="9">(DE-588)4077548-3</subfield>
          </datafield>
          <datafield tag="PSW" ind1="-" ind2="1">
            <subfield code="g">Sojuz Radjans'kich Sozialističnich Respublik</subfield>
            <subfield code="9">(DE-588)4077548-3</subfield>
          </datafield>
          <datafield tag="PSW" ind1="-" ind2="1">
            <subfield code="g">SRSR</subfield>
            <subfield code="9">(DE-588)4077548-3</subfield>
          </datafield>
          <datafield tag="PSW" ind1="-" ind2="1">
            <subfield code="g">Şyra Sosjalist Cumhyrijjẹtlẹri Ittifakĭ</subfield>
            <subfield code="9">(DE-588)4077548-3</subfield>
          </datafield>
          <datafield tag="PSW" ind1="-" ind2="1">
            <subfield code="g">Šura Socialist Gümhurietleri Ittipaky</subfield>
            <subfield code="9">(DE-588)4077548-3</subfield>
          </datafield>
          <datafield tag="PSW" ind1="-" ind2="1">
            <subfield code="g">Šura Sosyalist Ǧümhuriyetleri Ittifaqï</subfield>
            <subfield code="9">(DE-588)4077548-3</subfield>
          </datafield>
          <datafield tag="PSW" ind1="-" ind2="1">
            <subfield code="g">SSCB</subfield>
            <subfield code="9">(DE-588)4077548-3</subfield>
          </datafield>
          <datafield tag="PSW" ind1="-" ind2="1">
            <subfield code="g">UdSSR</subfield>
            <subfield code="9">(DE-588)4077548-3</subfield>
          </datafield>
          <datafield tag="PSW" ind1="-" ind2="1">
            <subfield code="g">SSSR</subfield>
            <subfield code="9">(DE-588)4077548-3</subfield>
          </datafield>
          <datafield tag="PSW" ind1="-" ind2="1">
            <subfield code="g">Republik-Republik Kesatuan Soviet Sosialis</subfield>
            <subfield code="9">(DE-588)4077548-3</subfield>
          </datafield>
          <datafield tag="PSW" ind1="-" ind2="1">
            <subfield code="s">Besatzung</subfield>
            <subfield code="h">Völkerrecht</subfield>
            <subfield code="9">(DE-588)4006020-2</subfield>
          </datafield>
          <datafield tag="PSW" ind1="-" ind2="1">
            <subfield code="s">Okkupation</subfield>
            <subfield code="9">(DE-588)4006020-2</subfield>
          </datafield>
          <datafield tag="PSW" ind1="-" ind2="1">
            <subfield code="k">RMfdbO</subfield>
            <subfield code="9">(DE-588)18492-5</subfield>
          </datafield>
          <datafield tag="PSW" ind1="-" ind2="1">
            <subfield code="k">Deutschland</subfield>
            <subfield code="b">Reichsminister für die Besetzten Ostgebiete</subfield>
            <subfield code="9">(DE-588)18492-5</subfield>
          </datafield>
          <datafield tag="PSW" ind1="-" ind2="1">
            <subfield code="k">Deutschland</subfield>
            <subfield code="b">RMfdbO</subfield>
            <subfield code="9">(DE-588)18492-5</subfield>
          </datafield>
          <datafield tag="PSW" ind1="-" ind2="1">
            <subfield code="k">Deutschland</subfield>
            <subfield code="b">Reichsministerium für die Besetzten Ostgebiete</subfield>
            <subfield code="9">(DE-588)18492-5</subfield>
          </datafield>
          <datafield tag="PSW" ind1="-" ind2="1">
            <subfield code="k">Reichsminister für die Besetzten Ostgebiete</subfield>
            <subfield code="h">Deutsches Reich</subfield>
            <subfield code="9">(DE-588)18492-5</subfield>
          </datafield>
          <datafield tag="PSW" ind1="-" ind2="1">
            <subfield code="k">Deutsches Reich</subfield>
            <subfield code="b">Reichsministerium für die Besetzten Ostgebiete</subfield>
            <subfield code="9">(DE-588)18492-5</subfield>
          </datafield>
          <datafield tag="PSW" ind1="-" ind2="1">
            <subfield code="k">Reichsministerium für die Besetzten Ostgebiete</subfield>
            <subfield code="h">Deutsches Reich</subfield>
            <subfield code="9">(DE-588)18492-5</subfield>
          </datafield>
          <datafield tag="PSW" ind1="-" ind2="1">
            <subfield code="k">Deutsches Reich</subfield>
            <subfield code="b">Reichsminister für die Besetzten Ostgebiete</subfield>
            <subfield code="b">Hauptabteilung</subfield>
            <subfield code="n">1</subfield>
            <subfield code="9">(DE-588)18492-5</subfield>
          </datafield>
          <datafield tag="PSW" ind1="-" ind2="1">
            <subfield code="k">Deutsches Reich</subfield>
            <subfield code="b">Ministry for the Occupied Eastern Territories</subfield>
            <subfield code="9">(DE-588)18492-5</subfield>
          </datafield>
          <datafield tag="PSW" ind1="-" ind2="1">
            <subfield code="k">Ministry for the Occupied Eastern Territories</subfield>
            <subfield code="h">Deutsches Reich</subfield>
            <subfield code="9">(DE-588)18492-5</subfield>
          </datafield>
          <datafield tag="PSW" ind1="-" ind2="1">
            <subfield code="g">Sojuz Sovetskich Socialističeskich Respublik</subfield>
            <subfield code="9">(DE-588)4077548-3</subfield>
          </datafield>
          <datafield tag="PSW" ind1="-" ind2="1">
            <subfield code="g">Union der Sozialistischen Sowjet-Republiken</subfield>
            <subfield code="9">(DE-588)4077548-3</subfield>
          </datafield>
          <datafield tag="PSW" ind1="-" ind2="1">
            <subfield code="g">Union der SSR</subfield>
            <subfield code="9">(DE-588)4077548-3</subfield>
          </datafield>
          <datafield tag="PSW" ind1="-" ind2="1">
            <subfield code="g">Union of Soviet Socialist Republics</subfield>
            <subfield code="9">(DE-588)4077548-3</subfield>
          </datafield>
          <datafield tag="PSW" ind1="-" ind2="1">
            <subfield code="g">USSR</subfield>
            <subfield code="9">(DE-588)4077548-3</subfield>
          </datafield>
          <datafield tag="PSW" ind1="-" ind2="1">
            <subfield code="g">Union des Républiques Socialistes Soviétiques</subfield>
            <subfield code="9">(DE-588)4077548-3</subfield>
          </datafield>
          <datafield tag="PSW" ind1="-" ind2="1">
            <subfield code="g">URSS</subfield>
            <subfield code="9">(DE-588)4077548-3</subfield>
          </datafield>
          <datafield tag="PSW" ind1="-" ind2="1">
            <subfield code="g">Russland</subfield>
            <subfield code="h">1923-1991</subfield>
            <subfield code="9">(DE-588)4077548-3</subfield>
          </datafield>
          <datafield tag="PSW" ind1="-" ind2="1">
            <subfield code="g">Russia</subfield>
            <subfield code="h">1923-1991</subfield>
            <subfield code="9">(DE-588)4077548-3</subfield>
          </datafield>
          <datafield tag="PSW" ind1="-" ind2="1">
            <subfield code="g">Padomju Sociālistiko Republiku Savienība</subfield>
            <subfield code="9">(DE-588)4077548-3</subfield>
          </datafield>
          <datafield tag="PSW" ind1="-" ind2="1">
            <subfield code="g">PSRS</subfield>
            <subfield code="9">(DE-588)4077548-3</subfield>
          </datafield>
          <datafield tag="PSW" ind1="-" ind2="1">
            <subfield code="g">SSṘM</subfield>
            <subfield code="9">(DE-588)4077548-3</subfield>
          </datafield>
          <datafield tag="PSW" ind1="-" ind2="1">
            <subfield code="g">ZSSR</subfield>
            <subfield code="9">(DE-588)4077548-3</subfield>
          </datafield>
          <datafield tag="PSW" ind1="-" ind2="1">
            <subfield code="g">TSRS</subfield>
            <subfield code="9">(DE-588)4077548-3</subfield>
          </datafield>
          <datafield tag="PSW" ind1="-" ind2="1">
            <subfield code="g">Savez Sovjetskih Socijalističkih Republika</subfield>
            <subfield code="9">(DE-588)4077548-3</subfield>
          </datafield>
          <datafield tag="PSW" ind1="-" ind2="1">
            <subfield code="g">Soviet Union</subfield>
            <subfield code="9">(DE-588)4077548-3</subfield>
          </datafield>
          <datafield tag="PSW" ind1="-" ind2="1">
            <subfield code="g">SSHM</subfield>
            <subfield code="9">(DE-588)4077548-3</subfield>
          </datafield>
          <datafield tag="PSW" ind1="-" ind2="1">
            <subfield code="g">Sojuz Radjans'kich Sozialističnich Respublik</subfield>
            <subfield code="9">(DE-588)4077548-3</subfield>
          </datafield>
          <datafield tag="PSW" ind1="-" ind2="1">
            <subfield code="g">SRSR</subfield>
            <subfield code="9">(DE-588)4077548-3</subfield>
          </datafield>
          <datafield tag="PSW" ind1="-" ind2="1">
            <subfield code="g">Şyra Sosjalist Cumhyrijjẹtlẹri Ittifakĭ</subfield>
            <subfield code="9">(DE-588)4077548-3</subfield>
          </datafield>
          <datafield tag="PSW" ind1="-" ind2="1">
            <subfield code="g">Šura Socialist Gümhurietleri Ittipaky</subfield>
            <subfield code="9">(DE-588)4077548-3</subfield>
          </datafield>
          <datafield tag="PSW" ind1="-" ind2="1">
            <subfield code="g">Šura Sosyalist Ǧümhuriyetleri Ittifaqï</subfield>
            <subfield code="9">(DE-588)4077548-3</subfield>
          </datafield>
          <datafield tag="PSW" ind1="-" ind2="1">
            <subfield code="g">SSCB</subfield>
            <subfield code="9">(DE-588)4077548-3</subfield>
          </datafield>
          <datafield tag="PSW" ind1="-" ind2="1">
            <subfield code="g">UdSSR</subfield>
            <subfield code="9">(DE-588)4077548-3</subfield>
          </datafield>
          <datafield tag="PSW" ind1="-" ind2="1">
            <subfield code="g">SSSR</subfield>
            <subfield code="9">(DE-588)4077548-3</subfield>
          </datafield>
          <datafield tag="PSW" ind1="-" ind2="1">
            <subfield code="g">Republik-Republik Kesatuan Soviet Sosialis</subfield>
            <subfield code="9">(DE-588)4077548-3</subfield>
          </datafield>
          <datafield tag="PSW" ind1="-" ind2="1">
            <subfield code="g">Sojuz Sovetskich Socialističeskich Respublik</subfield>
            <subfield code="9">(DE-588)4077548-3</subfield>
          </datafield>
          <datafield tag="PSW" ind1="-" ind2="1">
            <subfield code="g">Union der Sozialistischen Sowjet-Republiken</subfield>
            <subfield code="9">(DE-588)4077548-3</subfield>
          </datafield>
          <datafield tag="PSW" ind1="-" ind2="1">
            <subfield code="g">Union der SSR</subfield>
            <subfield code="9">(DE-588)4077548-3</subfield>
          </datafield>
          <datafield tag="PSW" ind1="-" ind2="1">
            <subfield code="g">Union of Soviet Socialist Republics</subfield>
            <subfield code="9">(DE-588)4077548-3</subfield>
          </datafield>
          <datafield tag="PSW" ind1="-" ind2="1">
            <subfield code="g">USSR</subfield>
            <subfield code="9">(DE-588)4077548-3</subfield>
          </datafield>
          <datafield tag="PSW" ind1="-" ind2="1">
            <subfield code="g">Union des Républiques Socialistes Soviétiques</subfield>
            <subfield code="9">(DE-588)4077548-3</subfield>
          </datafield>
          <datafield tag="PSW" ind1="-" ind2="1">
            <subfield code="g">URSS</subfield>
            <subfield code="9">(DE-588)4077548-3</subfield>
          </datafield>
          <datafield tag="PSW" ind1="-" ind2="1">
            <subfield code="g">Russland</subfield>
            <subfield code="h">1923-1991</subfield>
            <subfield code="9">(DE-588)4077548-3</subfield>
          </datafield>
          <datafield tag="PSW" ind1="-" ind2="1">
            <subfield code="g">Russia</subfield>
            <subfield code="h">1923-1991</subfield>
            <subfield code="9">(DE-588)4077548-3</subfield>
          </datafield>
          <datafield tag="PSW" ind1="-" ind2="1">
            <subfield code="g">Padomju Sociālistiko Republiku Savienība</subfield>
            <subfield code="9">(DE-588)4077548-3</subfield>
          </datafield>
          <datafield tag="PSW" ind1="-" ind2="1">
            <subfield code="g">PSRS</subfield>
            <subfield code="9">(DE-588)4077548-3</subfield>
          </datafield>
          <datafield tag="PSW" ind1="-" ind2="1">
            <subfield code="g">SSṘM</subfield>
            <subfield code="9">(DE-588)4077548-3</subfield>
          </datafield>
          <datafield tag="PSW" ind1="-" ind2="1">
            <subfield code="g">ZSSR</subfield>
            <subfield code="9">(DE-588)4077548-3</subfield>
          </datafield>
          <datafield tag="PSW" ind1="-" ind2="1">
            <subfield code="g">TSRS</subfield>
            <subfield code="9">(DE-588)4077548-3</subfield>
          </datafield>
          <datafield tag="PSW" ind1="-" ind2="1">
            <subfield code="g">Savez Sovjetskih Socijalističkih Republika</subfield>
            <subfield code="9">(DE-588)4077548-3</subfield>
          </datafield>
          <datafield tag="PSW" ind1="-" ind2="1">
            <subfield code="g">Soviet Union</subfield>
            <subfield code="9">(DE-588)4077548-3</subfield>
          </datafield>
          <datafield tag="PSW" ind1="-" ind2="1">
            <subfield code="g">SSHM</subfield>
            <subfield code="9">(DE-588)4077548-3</subfield>
          </datafield>
          <datafield tag="PSW" ind1="-" ind2="1">
            <subfield code="g">Sojuz Radjans'kich Sozialističnich Respublik</subfield>
            <subfield code="9">(DE-588)4077548-3</subfield>
          </datafield>
          <datafield tag="PSW" ind1="-" ind2="1">
            <subfield code="g">SRSR</subfield>
            <subfield code="9">(DE-588)4077548-3</subfield>
          </datafield>
          <datafield tag="PSW" ind1="-" ind2="1">
            <subfield code="g">Şyra Sosjalist Cumhyrijjẹtlẹri Ittifakĭ</subfield>
            <subfield code="9">(DE-588)4077548-3</subfield>
          </datafield>
          <datafield tag="PSW" ind1="-" ind2="1">
            <subfield code="g">Šura Socialist Gümhurietleri Ittipaky</subfield>
            <subfield code="9">(DE-588)4077548-3</subfield>
          </datafield>
          <datafield tag="PSW" ind1="-" ind2="1">
            <subfield code="g">Šura Sosyalist Ǧümhuriyetleri Ittifaqï</subfield>
            <subfield code="9">(DE-588)4077548-3</subfield>
          </datafield>
          <datafield tag="PSW" ind1="-" ind2="1">
            <subfield code="g">SSCB</subfield>
            <subfield code="9">(DE-588)4077548-3</subfield>
          </datafield>
          <datafield tag="PSW" ind1="-" ind2="1">
            <subfield code="g">UdSSR</subfield>
            <subfield code="9">(DE-588)4077548-3</subfield>
          </datafield>
          <datafield tag="PSW" ind1="-" ind2="1">
            <subfield code="g">SSSR</subfield>
            <subfield code="9">(DE-588)4077548-3</subfield>
          </datafield>
          <datafield tag="PSW" ind1="-" ind2="1">
            <subfield code="g">Republik-Republik Kesatuan Soviet Sosialis</subfield>
            <subfield code="9">(DE-588)4077548-3</subfield>
          </datafield>
          <datafield tag="PSW" ind1="-" ind2="1">
            <subfield code="s">Besatzung</subfield>
            <subfield code="h">Völkerrecht</subfield>
            <subfield code="9">(DE-588)4006020-2</subfield>
          </datafield>
          <datafield tag="PSW" ind1="-" ind2="1">
            <subfield code="s">Okkupation</subfield>
            <subfield code="9">(DE-588)4006020-2</subfield>
          </datafield>
          <datafield tag="PSW" ind1="-" ind2="1">
            <subfield code="s">Besatzung</subfield>
            <subfield code="h">Völkerrecht</subfield>
            <subfield code="9">(DE-588)4006020-2</subfield>
          </datafield>
          <datafield tag="PSW" ind1="-" ind2="1">
            <subfield code="s">Okkupation</subfield>
            <subfield code="9">(DE-588)4006020-2</subfield>
          </datafield>
          <datafield tag="700" ind1=" " ind2=" ">
            <subfield code="a">LHL</subfield>
          </datafield>
          <datafield tag="OWN" ind1=" " ind2=" ">
            <subfield code="a">P0001</subfield>
            <subfield code="n">466 - Paderborn: UB</subfield>
          </datafield>
          <datafield tag="655" ind1=" " ind2=" ">
            <subfield code="y">"Unsere Verwaltung treibt einer Katastrophe zu ..."</subfield>
            <subfield code="t">VIEW</subfield>
            <subfield code="u">http://digitool.hbz-nrw.de:1801/webclient/DeliveryManager?application=DIGITOOL-3&amp;owner=resourcediscovery&amp;custom_att_2=simple_viewer&amp;user=GUEST&amp;pid=1906914</subfield>
          </datafield>
          <datafield tag="TXT" ind1=" " ind2=" ">
            <subfield code="a">OCR-TEXT: INHALTSVERZEICHNIS VORWORT IX EINLEITUNG, FORSCHUNGSSTAND UND FRAGESTELLUNGEN 1 I. ZWISCHEN „VOELKISCHEM IMPERIALISMUS" UND „LEBENSRAUM": PROJEKTIONEN DEUTSCHER HERRSCHAFT IN OSTEUROPA 19 1. LEHREN AUS DEM GROSSEN KRIEG 20 2. DAS BILD DES OSTENS IN DER NS-WELTANSCHAUUNG 25 2.1 ADOLF HITLERS „LEBENSRAUM"-KONZEPTION 30 2.2 HEINRICH HIMMLER UND DER „HERRLICHE OSTEN" 36 2.3 ALFRED ROSENBERGS „VOELKISCHER IMPERIALISMUS" 39 2.4 DIVERGENZEN IM NATIONALSOZIALISTISCHEN BILD DES OSTENS 48 3. DIE KONSENSFAEHIGKEIT DES NATIONALSOZIALISTISCHEN BILDES VOM OSTEN .. 52 ERSTE ZWISCHENBETRACHTUNG: „DEUTSCHER OSTEN. LAND DER ZUKUNFT" 56 II. GRUENDUNG, EINRICHTUNG UND ORGANISATIONSSTRUKTUREN DES REICHSMINISTERIUMS FUER DIE BESETZTEN OSTGEBIETE 61 1. DAS AUSSENPOLITISCHE AMT DER NSDAP UND DIE ROLLE ALFRED ROSENBERGS IN DER NS-AUSSENPOLITIK VOR 1941 62 2. ADMINISTRATIVES VORSPIEL 70 3. 22. JUNI UND 17. JULI 1941 80 4. DIE BERUFUNG ALFRED ROSENBERGS ZUM OSTMINISTER 91 ZWEITE ZWISCHENBETRACHTUNG: DIE FEHLENDE POLITISCHE PERSPEKTIVE 101 5. EINRICHTUNG UND GLIEDERUNG DER ZENTRALBEHOERDE 105 5.1 DIE HAUPTABTEILUNG POLITIK 109 5.2 DIE HAUPTABTEILUNG VERWALTUNG 118 5.3 DIE CHEFGRUPPEN DER HAUPTABTEILUNG WIRTSCHAFT 122 5.4 SONDERREFERATE 125 6. DIE ERRICHTUNG DER ZIVILEN BESATZLINGSVERWALTUNG IN DEN BESETZTEN OSTGEBIETEN 129 6.1 DAS REICHSKOMMISSARIAT „OSTLAND" 130 6.2 DAS REICHSKOMMISSARIAT UKRAINE 136 7. UMSTRUKTURIERUNGEN INFOLGE DES KRIEGSVERLAUFS 141 DRITTE ZWISCHENBETRACHTUNG: POLYKRATIE UND AEMTERCHAOS AUF MIKROEBENE. DER APPARAT ALFRED ROSENBERGS 149 III. OSTEXPERTEN UND „ORDENSJUNKER": DIE „GEFOLGSCHAFTSMITGLIEDER" DES REICHSMINISTERIUMS FUER DIE BESETZTEN OSTGEBIETE 161 1. DIE BERLINER ZENTRALBEHOERDE 162 2. DIE ZIVILVERWALTUNGSBEHOERDEN IN DEN BESETZTEN OSTGEBIETEN 169 2.1 DAS „FUEHRERKORPS OST" 169 2.2 VORBEREITUNG AUF DER ORDENSBURG 178 2.3 IM „OSTEINSATZ" ,183</subfield>
          </datafield>
          <datafield tag="TXT" ind1=" " ind2=" ">
            <subfield code="a">2.4 „AUFFASSUNGEN VON FALSCHEM HERRENMENSCHENTUM" 190 2.5 KORRUPTION UND SELBSTBEREICHERUNG IN DEN BESETZTEN OSTGEBIETEN ... 199 VIERTE ZWISCHENBETRACHTUNG: DAS FEHLEN EINER „CORPORATE IDENTITY" 205 IV. VERWALTUNG UND VERNICHTUNG. DAS REICHSMINISTERIUM FUER DIE BESETZTEN OSTGEBIETE UND DIE „ENDLOESUNG DER JUDENFRAGE" 217 1. EBENEN DER VERSTRICKUNG 217 2. ALFRED ROSENBERG UND DIE „BIOLOGISCHE AUSMERZUNG DES GESAMTEN JUDENTUMS IN EUROPA" 231 3. DIMENSIONEN DER SCHULD 238 4. DER „ANDERE HOLOCAUST": SIEDLUNGSPLAENE IM REICHSMINISTERIUM FUER DIE BESETZTEN OSTGEBIETE 246 V. FELDER UND AKTEURE DEUTSCHER OSTPOLITIK: DAS REICHSMINISTERIUM FUER DIE BESETZTEN OSTGEBIETE IM POLYKRATISCHEN GEFUEGE DES NS-STAATES 255 1. „VOELKISCHER IMPERIALISMUS", „DEKOMPOSITION" UND „BRAUNE MAPPE": OSTKONZEPTIONEN EINER PLANUNGS- UND VERWALTUNGSELITE 258 2. KONKURRENTEN DER OSTPOLITIK 263 2.1 DIE REICHSKOMMISSARE „2. KLASSE" 263 2.2 DER MACHTAPPARAT HEINRICH HIMMLERS 278 2.3 DIE WIRTSCHAFTSBEHOERDEN 285 2.4 DER GENERALBEVOLLMAECHTIGTE FUER DEN ARBEITSEINSATZ 292 2.5 DAS REICHSMINISTERIUM FUER VOLKSAUFKLAERUNG UND PROPAGANDA 300 2.6 DIE RESSORTMINISTERIEN 310 FUENFTE ZWISCHENBETRACHTUNG: TERRITORIALMINISTERIUM VS. RESSORTBEHOERDEN 317 3. „DENKSCHRIFTENSCHLACHT" UND PROKLAMATIONSPLAENE 320 4. GESCHEITERTE BUENDNISSE 323 4.1 DIE OSTPOLITIK DER WEHRMACHT 323 4.2 DIE SPAETE WENDUNG DER SS 328 5. DIE „KANZLISTEN" BORMANN UND LAMMERS, ROSENBERGS ZUGANG ZU HITLER UND DIE INTERPRETATION DES „FUEHRERWILLENS" 334 SECHSTE ZWISCHENBETRACHTUNG: DIE UNVEREINBARKEIT VON KALKUEL UND DOGMA 347 VI. „REICHSMINISTERIUM FUER DIE NICHT MEHR BESETZTEN OSTGEBIETE" 351 1. TERRITORIALER UND ADMINISTRATIVER ZERFALL DER BESETZTEN OSTGEBIETE .... 351 2. DISSOZIATION DER ZENTRALBEHOERDE 357 3. DAS ENDE 362 VII. SCHLUSSBETRACHTUNG: DAS SCHEITERN DES REICHSMINISTERIUMS FUER DIE BESETZTEN OSTGEBIETE UND DIE INSTABILITAET DES NATIONAL</subfield>
          </datafield>
          <datafield tag="TXT" ind1=" " ind2=" ">
            <subfield code="a">SOZIALISTISCHEN REGIMES 365 ABKUERZUNGSVERZEICHNIS 375 QUELLEN UND DARSTELLUNGEN 377 QUELLEN 377 DARSTELLUNGEN 386 PERSONENREGISTER 411</subfield>
          </datafield>
          <datafield tag="PLK" ind1=" " ind2=" ">
            <subfield code="a">SRU</subfield>
            <subfield code="l">PAD01</subfield>
            <subfield code="b">000203239</subfield>
            <subfield code="m">71 : Historisch-sozialwissenschaftliche Reihe.^"Unsere Verwaltung treibt einer Katastrophe zu ...".^2006</subfield>
            <subfield code="n">Schriften der Philosophischen Fakultäten der Universität Augsburg.^</subfield>
          </datafield>
          <datafield tag="LOC" ind1=" " ind2=" ">
            <subfield code="m">BOOK</subfield>
            <subfield code="a">P0001</subfield>
            <subfield code="b">31</subfield>
            <subfield code="d">LHL1494</subfield>
            <subfield code="i">06/13694</subfield>
            <subfield code="n">20</subfield>
            <subfield code="k">20061212</subfield>
            <subfield code="5">965630-10</subfield>
          </datafield>
        </record>
      </metadata>
    </record>
  </ListRecords>
</OAI-PMH>
